@article{kaplan2016lectures,
  title={lectures on Effective Field Theory‚Äù},
  author={Kaplan, David B},
  journal={arXiv preprint nuclth/0510023},
  volume={5},
  year={5}
}

@book{scherer2011primer,
  title={A primer for chiral perturbation theory},
  author={Scherer, Stefan and Schindler, Matthias R},
  volume={830},
  year={2011},
  publisher={Springer Science \& Business Media}
}